@inproceedings{GHOLAS24,
  address    = {New York, NY, USA},
  articleno  = {38},
  author     = {Ghosh, Arka and Lasota, Sławomir},
  booktitle  = {Proceedings of the 39th Annual ACM/IEEE Symposium on Logic in Computer Science},
  doi        = {10.1145/3661814.3662074},
  isbn       = {9798400706608},
  keywords   = {Hilbert's basis theorem, polynomial ring, ideal, ideal membership problem, equivariant sets, sets with atoms, orbit-finite sets, register automata, Petri nets with data},
  location   = {Tallinn, Estonia},
  numpages   = {14},
  publisher  = {Association for Computing Machinery},
  series     = {LICS '24},
  title      = {Equivariant ideals of polynomials},
  url        = {https://doi.org/10.1145/3661814.3662074},
  year       = {2024},
}

@inproceedings{HIKRLE18,
  author     = {Hillar, Christopher J. and Krone, Robert and Leykin, Anton},
  booktitle  = {The 50th Anniversary of Gröbner Bases},
  doi        = {10.2969/aspm/07710129},
  issn       = {0920-1971},
  publisher  = {Mathematical Society of Japan},
  title      = {Equivariant Gröbner bases},
  url        = {http://dx.doi.org/10.2969/aspm/07710129},
  year       = {2018},
}

@book{CLO15,
  author     = {Cox, David A. and Little, John and O’Shea, Donal},
  doi        = {10.1007/978-3-319-16721-3},
  isbn       = {9783319167213},
  issn       = {2197-5604},
  journal    = {Undergraduate Texts in Mathematics},
  publisher  = {Springer International Publishing},
  title      = {Ideals, Varieties, and Algorithms: An Introduction to Computational Algebraic Geometry and Commutative Algebra},
  url        = {http://dx.doi.org/10.1007/978-3-319-16721-3},
  year       = {2015},
}

@unpublished{SCSC12,
  author     = {Demeri, Stéphane and Finkel, Alain and Goubault-Larrecq, Jean and  Schmitz, Sylvain and Schnoebelen, Philippe},
  title      = {Algorithmic Aspects of WQO Theory (MPRI course)},
  url        = {https://cel.archives-ouvertes.fr/cel-00727025},
  year       = {2012},
}

@article{BRDR11,
  author     = {Brouwer, Andries E. and Draisma, Jan},
  doi        = {10.1090/s0025-5718-2010-02415-9},
  issn       = {0025-5718},
  journal    = {Mathematics of Computation},
  month      = may,
  number     = {274},
  pages      = {1123–1123},
  publisher  = {American Mathematical Society (AMS)},
  title      = {Equivariant Gröbner bases and the Gaussian two-factor model},
  url        = {http://dx.doi.org/10.1090/s0025-5718-2010-02415-9},
  volume     = {80},
  year       = {2011},
}

@article{KS91,
  author     = {Kříž, Igor and Sgall, Jiří},
  journal    = {Acta Scientarium Mathematicarum},
  oai        = {oai:acta.bibl.u-szeged.hu:15296},
  pages      = {55-69},
  title      = {Well-quasi-ordering depends on labels},
  url        = {https://core.ac.uk/download/147064780.pdf},
  volume     = {55},
  year       = 1991,
}

@article{KRTH90,
  author     = {Kříž, Igor and
                Thomas, Robin},
  doi        = {10.1007/bf01787479},
  issn       = {1435-5914},
  journal    = {Graphs and Combinatorics},
  month      = mar,
  number     = {1},
  pages      = {41–49},
  publisher  = {Springer Science and Business Media LLC},
  title      = {On well-quasi-ordering finite structures with labels},
  url        = {http://dx.doi.org/10.1007/BF01787479},
  volume     = {6},
  year       = {1990},
}



@article{MAME82,
  author     = {Mayr, Ernst W and Meyer, Albert R},
  doi        = {10.1016/0001-8708(82)90048-2},
  issn       = {0001-8708},
  journal    = {Advances in Mathematics},
  month      = dec,
  number     = {3},
  pages      = {305–329},
  publisher  = {Elsevier BV},
  title      = {The complexity of the word problems for commutative semigroups and polynomial ideals},
  url        = {http://dx.doi.org/10.1016/0001-8708(82)90048-2},
  volume     = {46},
  year       = {1982},
}

@article{BUCH76,
  address    = {New York, NY, USA},
  author     = {Buchberger, Bruno},
  doi        = {10.1145/1088216.1088219},
  issn       = {0163-5824},
  issue_date = {August 1976},
  journal    = {SIGSAM Bull.},
  month      = aug,
  number     = {3},
  numpages   = {11},
  pages      = {19–29},
  publisher  = {Association for Computing Machinery},
  title      = {A theoretical basis for the reduction of polynomials to canonical forms},
  url        = {https://doi.org/10.1145/1088216.1088219},
  volume     = {10},
  year       = {1976},
}

@article{HIG52,
  author        = {Higman, Graham},
  doi           = {10.1112/plms/s3-2.1.326},
  journal       = {Proceedings of the London Mathematical Society},
  pages         = {326--336},
  title         = {Ordering by divisibility in abstract algebras},
  volume        = {3},
  year          = {1952},
}
